    % All my references.
@article{matzinger2006reconstruction,
 title = {Reconstruction of periodic sceneries seen along a random walk},
 author = {H. Matzinger and J. Lember},
 journal = {Stochastic Processes and their Applications},
 volume = {116},
 number = {11},
 pages = {1584--1599},
 year = {2006}
} 

@article{Howard:96,
  title={{Detecting defects in periodic scenery by random walks on Z}},
  author={Howard, C.D.},
  journal={Random Structures \& Algorithms},
  volume={8},
  number={1},
  pages={59--74},
  issn={1098-2418},
  year={1996},
  publisher={Wiley Online Library}
}

@unpublished{DaMoRo:10,
AUTHOR = {C. Daskalakis and E. Mossel and S. Roch},
TITLE = {Evolutionary trees and the Ising model on the Bethe lattice: a proof of Steel's conjecture},
ID_AR={math.PR/0509575},
YEAR={2010},
URL = {http://www.springerlink.com/content/k76630287587433x/},
SUBJECTS={prob bio},
NOTE={To appear in PTRF}
}
@article{Abbeel:06,
 author = {Abbeel, Pieter and Koller, Daphne and Ng, Andrew Y.},
 title = {Learning Factor Graphs in Polynomial Time and Sample Complexity},
 journal = {J. Mach. Learn. Res.},
 volume = {7},
 year = {2006},
 issn = {1532-4435},
 pages = {1743--1788},
 publisher = {JMLR.org},
}

@article{Mendel:91,
 author = {J. M. Mendel},
 title = {Tutorial on higher-order statistics (spectra) in signal processing and system theory: theoretical results and some applications},
 journal = {Proceedings of the IEEE},
 volume = {79},
 number = {3},
 year = {1991},
 pages = {278-305},
}

@Article{Onsager:44,
  title = {Crystal Statistics. I. A Two-Dimensional Model with an Order-Disorder Transition},
  author = {Onsager, Lars },
  journal = {Phys. Rev.},
  volume = {65},
  number = {3-4},
  pages = {117--149},
  numpages = {32},
  year = {1944},
  month = {Feb},
  doi = {10.1103/PhysRev.65.117},
  publisher = {American Physical Society}
}

@inproceedings{BrMoSl:08,
AUTHOR = {G. Bresler and E. Mossel and A. Sly},
TITLE = "Reconstruction of Markov Random Fields from Samples: Some Easy Observations and Algorithms",
ID_AR={0712.1402},
URL = {http://front.math.ucdavis.edu/0712.1402},
YEAR={2008},
booktitle={11th International Workshop, APPROX 2008, and 12th International Workshop, RANDOM 2008, LNCS 5171},
publisher={Springer},
pages={343--356},
catId={papers},
SUBJECTS={alg bio},
}
@inproceedings{Holenstein:08,
 author = {Holenstein, Thomas and Mitzenmacher, Michael and Panigrahy, Rina and Wieder, Udi},
 title = {Trace reconstruction with constant deletion probability and related results},
 booktitle = {SODA '08: Proceedings of the nineteenth annual ACM-SIAM symposium on Discrete algorithms},
 year = {2008},
 pages = {389--398},
 location = {San Francisco, California},
 publisher = {Society for Industrial and Applied Mathematics},
 address = {Philadelphia, PA, USA},
 }

@inproceedings{Batu:04,
 author = {Batu, Tu\v{g}kan and Kannan, Sampath and Khanna, Sanjeev and McGregor, Andrew},
 title = {Reconstructing strings from random traces},
 booktitle = {SODA '04: Proceedings of the fifteenth annual ACM-SIAM symposium on Discrete algorithms},
 year = {2004},
 isbn = {0-89871-558-X},
 pages = {910--918},
 location = {New Orleans, Louisiana},
 publisher = {Society for Industrial and Applied Mathematics},
 address = {Philadelphia, PA, USA},
 }

@inproceedings{BoMoVa:08,
    AUTHOR = {A. Bogdanov and E. Mossel and S. Vadhan},
    TITLE = "The Complexity of Distinguishing Markov Random Fields",
    booktitle={11th International Workshop, APPROX 2008, and 12th International Workshop, RANDOM 2008, LNCS 5171},
    publisher={Springer},
    catId={papers},
    pages={331-342},
    SUBJECTS={comp bio},
    URL = {http://www.stat.berkeley.edu/~mossel/publications/Bogdanov-Mossel-Vadhan.pdf},
    year = {2008},
}

@article{MosselVigoda:06,
    AUTHOR = {E. Mossel and E. Vigoda},
    TITLE = "Limitations of Markov Chain Monte Carlo Algorithms for Bayesian Inference of Phylogeny",
    ID_AR={q-bio.PE/0505002},
    URL={http://front.math.ucdavis.edu/0505.6602},
    YEAR={2006},
    FJOURNAL = {The Annals of Applied Probability},
    FJOURNAL_MR = {The Annals of Applied Probability},
    JOURNAL = {Ann. Appl. Probab.},
    JOURNAL_MR = {Ann. Appl. Probab.},
    VOLUME = {16},
    NUMBER = {4},
    PAGES = {2215--2234},
    catId={papers},
    SUBJECTS={prob bio},
}

@article{BenjKesten:96,
    AUTHOR = {Itai Benjamini and Harry Kesten},
    TITLE = "Distinguishing sceneries by observing the scenery along a random walk path",
    YEAR={1996},
    JOURNAL = {Journal d'Analyse Math\'ematique},
    VOLUME = {69},
    NUMBER = {1},
    PAGES = {97-135}
}

@article{ChowLiu:68,
    author = {C. I<. Chow and Sexior Member and C. N. Liu},
    title = {Approximating discrete probability distributions with dependence trees},
    journal = {IEEE Transactions on Information Theory},
    year = {1968},
    volume = {14},
    pages = {462--467}
}

@article{Ravikumar:10,
    author = {Pradeep Ravikumar and Martin J. Wainwright and John D. Lafferty},
    title = {High-dimensional Ising model selection using
                  -regularized logistic regression},
    journal = {Annals of Statistics},
    year = {2010},
    volume = {38},
    pages = {1287-1319}
}



@article{Lindenstrauss:1999,
  author = {Elon Lindenstrauss},
  title = {Indistinguishable Sceneries},
  year = {1999},
  journal = {Random Structures and Algorithms},
  volume = {14},
  pages = {71-86}
}

@article{Matzinger:2003,
title = "Reconstructing a piece of scenery with polynomially many observations",
journal = "Stochastic Processes and their Applications",
volume = "107",
number = "2",
pages = "289 - 300",
year = "2003",
note = "",
issn = "0304-4149",
doi = "DOI: 10.1016/S0304-4149(03)00085-1",
url = "http://www.sciencedirect.com/science/article/B6V1B-48XYF9F-2/2/4811b5568ffd0be8651f0f965631b2e3",
author = "Heinrich Matzinger and Silke W. W. Rolles",
keywords = "Scenery reconstruction",
keywords = "Random walk",
keywords = "Polynomially many observations"
}

@article{BaumWelch:70,
  author = { Leonard E. Baum, Ted Petrie, George Soules and Norman Weiss},
  title = {A Maximization Technique Occurring in the Statistical Analysis of Probabilistic Functions of Markov Chains},
  year = { 1970},
  Journal={The Annals of Mathematical Statistics},
  volume={41},
  number={1},
  pages={164--171}
}   
@unpublished{MosselTamuz10B:arxiv,
  TITLE = {Making Consensus Tractable},
  author={E. Mossel and O. Tamuz},
  year=2010,
  Note={Preprint at http://arxiv.org/abs/1007.0959}
}

@unpublished{MosselTamuz09:arxiv,
  TITLE = {Iterative Maximum Likelihood on Networks},
  author={E. Mossel and O. Tamuz},
  year=2009,
  Note={Preprint at http://arxiv.org/abs/0904.4903}
}
@unpublished{MosselTamuz10:arxiv,
  TITLE = {Efficient Bayesian Learning in Social Networks with Gaussian Estimators},
  author={E. Mossel and O. Tamuz},
  year=2010,
  Note={Preprint at http://arxiv.org/abs/1002.0747}
}

@article{MosselTamuz:10,
  AUTHOR = {E. Mossel and O. Tamuz},
  title="Iterative Maximum Likelihood on Networks",
  year=2010,
  ID_AR={0904.4903},
  SUBJECTS={game alg},
  Journal={Advances in Applied Mathematics},
  volume=45,
  number=1,
  note={Appeared in the Proceedings of the Allerton Conference 2009},
  pages={36--49},
}

@article{Ising:25,
  AUTHOR = {Ernst Ising},
  title="Beitrag zur Theorie des Ferromagnetismus",
  year=1925,
  Journal={Zeitschrift f\"ur Physik},
  volume=31,
  pages={253-258},
}
Image classification by a two-dimensional hidden Markov model

@article{LiNagmi:00,
  AUTHOR = {Jia Li and Amir Najmi and Robert M. Gray},
  title="Image classification by a two dimensional hidden Markov model",
  year=2000,
  Journal={IEEE Transactions on Signal Processing},
  volume=48,
  number=2,
  pages={517-533},
}


@article{Schneidman:06,
  AUTHOR = {E. Schneidman and M.J. Berry and R. Segev and W. Bialek},
  title="Weak pairwise correlations imply strongly correlated network states in a neural population",
  year=2006,
  Journal={Nature},
  volume=440,
  number=7087,
  pages={1007â€“1012},
}

@book{Huang:01,
  author={Xuedong Huang and Alex Acero and Hsiao-Wuen Hon},
  title={Spoken Language Processing},
  publisher={Prentice Hall},
  year={2001}
}


@book{Condorcet:85,
  author={Condorcet, Jean-Antoine-Nicolas},
  title={Essai sur l'application de l'analyse \`a la probabilit\'e des d\'ecisions rendues \`a la pluralit\'e des voix},
  publisher={De l'Imprimerie Royale},
  year={1785}
}

@book{MarkovBook:05,
  author={Olivier Capp\'e and Eric Moulines and Tobias Ryd\'en},
  title={Inference in Hidden Markov Models},
  publisher={Springer},
  year={2005}
}


@book{Kindermann:1980,
  author={Ross Kindermann and J. Laurie Snell},
  title={Markov Random Fields and Their Applications},
  publisher={American Mathematical Society},
  year={1980}
}


@article{DeGroot:74,
  author    = {Morris H. DeGroot},
  title     = {Reaching a Consensus},
  journal   = {Journal of the American Statistical Association},
  volume    = {69},
  number    = {345},
  year      = {1974},
  pages     = {118-121}
}

@article{Evans:2000,
  author    = {William Evans and Claire Kenyon and Yuval Peres and Leonard J. Schulman},
  title     = {Broadcasting on trees and the Ising model},
  journal   = {Annals of Probability},
  volume    = {10},
  number    = {2},
  year      = {2000},
  pages     = {410-433}
}

@article{Banerjee:92,
    author = {Banerjee, Abhijit V.},
    doi = {10.2307/2118364},
    issn = {00335533},
    journal = {The Quarterly Journal of Economics},
    keywords = {diffusion, economics},
    number = {3},
    pages = {797--817},
    posted-at = {2009-10-15 13:17:22},
    priority = {2},
    publisher = {The MIT Press},
    title = {A Simple Model of Herd Behavior},
    url = {http://dx.doi.org/10.2307/2118364},
    volume = {107},
    year = {1992}
}
@unpublished{ComplexityZOO,
    AUTHOR = {S. Aaronson and G. Kuperberg and C. Granade},
     TITLE = {The Complexity Zoo},
     Note  = {At: qwiki.stanford.edu/wiki/Complexity\_Zoo}
}
@article{AmmariDas:08,
  author    = {Habib M. Ammari and
               Sajal K. Das},
  title     = {Integrated Coverage and Connectivity in Wireless Sensor
               Networks: A Two-Dimensional Percolation Problem},
  journal   = {IEEE Trans. Computers},
  volume    = {57},
  number    = {10},
  year      = {2008},
  pages     = {1423-1434},
  ee        = {http://dx.doi.org/10.1109/TC.2008.68},
  bibsource = {DBLP, http://dblp.uni-trier.de}
}
@article{ZhangHou:08,
  author    = {Honghai Zhang and
               Jennifer C. Hou},
  title     = {Asymptotic critical total power for k-connectivity of wireless
               networks},
  journal   = {IEEE/ACM Trans. Netw.},
  volume    = {16},
  number    = {2},
  year      = {2008},
  pages     = {347-358},
  ee        = {http://doi.acm.org/10.1145/1373990.1373998},
  bibsource = {DBLP, http://dblp.uni-trier.de}
}

@article{BichHirshWelch:92,
    author = {Bikhchandani, S., D. Hirshleifer and I. Welch},
    journal = {Journal of Political Economy},
    number = {5},
    pages = {992--1026},
    title = {A Theory of Fads, Fashion, Custom, and Cultural Change as Informational Cascade},
    volume = {100},
    year = {1992}
}

@unpublished{AcemMuntDahlLobelOzd:08,
	location = {http://www.scientificcommons.org/34609608},
	title = {Bayesian Learning in Social Networks},
	author = {Daron Acemoglu and Munther A. Dahleh and Ilan Lobel and Asuman Ozdaglar},
	url = {http://www.nber.org/papers/w14040.pdf},
	institution = {RePEc [http://oai.repec.openlib.org] (Germany)},
        year={2008},
        note={Preprint}

}

@Article{DeMarzo:03,
  author={P. DeMarzo and D. Vayanos and J. Zwiebel},
  title={Persuasion bias, social influence, and unidimensional opinions},
  journal={Quarterly Journal of Economics},
  year=2003,
  volume={118},
  pages={909-968},
}
@Article{BalaGoyal:96,
  author={Bala, Venkatesh and Goyal, Sanjeev},
  title={Learning from Neighbours},
  journal={Review of Economic Studies},
  year=1998,
  volume={65},
  number={3},
  pages={595-621},
  month={July},
  keywords={},
  abstract={},
  url={http://ideas.repec.org/a/bla/restud/v65y1998i3p595-621.html}
}
@misc{LisbonTreaty:07,
  author={{European Union}},
  title={{Treaty of Lisbon}},
  year={2007},
  month={December},
  note={Article 16(4). Available online at http://europa.eu/lisbon\_treaty/index\_en.htm}
}

@article{Aumann:76,
     jstor_articletype = {primary_article},
     title = {Agreeing to Disagree},
     author = {Aumann, Robert J.},
     journal = {The Annals of Statistics},
     jstor_issuetitle = {},
     volume = {4},
     number = {6},
     jstor_formatteddate = {Nov., 1976},
     pages = {1236--1239},
     url = {http://www.jstor.org/stable/2958591},
     ISSN = {00905364},
     language = {},
     year = {1976},
     publisher = {Institute of Mathematical Statistics},    
     copyright = {Copyright Â© 1976 Institute of Mathematical Statistics},
}


@article{McKelvey:86,
     jstor_articletype = {primary_article},
     title = {Common Knowledge, Consensus, and Aggregate Information},
     author = {McKelvey, Richard D. and Page, Talbot},
     journal = {Econometrica},
     jstor_issuetitle = {},
     volume = {54},
     number = {1},
     jstor_formatteddate = {Jan., 1986},
     pages = {109--127},
     url = {http://www.jstor.org/stable/1914160},
     ISSN = {00129682},
     language = {},
     year = {1986},
     publisher = {The Econometric Society},    
     copyright = {Copyright Â© 1986 The Econometric Society},
}

@book{Miller:09,
  author={F. P. Miller and A. F. Vandome and J. McBrewster},
  title={Consensus Decision Making},
  publisher={Alphascript Publishing},
  year=2009
}
 
@book{Simon:82,
  author={Herbert Simon},
  title={Reason in Human Affairs},
  publisher={Stanford University Press},
  year=1982
}

@Article{GaleKariv:03,
  author={D. Gale and S. Kariv},
  title={Bayesian learning in social networks},
  journal={Games and Economic Behavior},
  year=2003,
  volume={45},
  number={},
  pages={329-â€“346},
  month={},
  keywords={},
  abstract={}
}
@misc{wiki:StrictWeakOrder,
   author = "Wikipedia",
   title = "Strict weak ordering --- {W}ikipedia{,} The Free Encyclopedia",
   year = "2009",
   url = "\url{http://en.wikipedia.org/wiki/Strict\_weak\_order}",
   note = "[Online; accessed 15-July-2009]"
}
@TechReport{domains02,
  author={Michel Le Breton and John A. Weymark},
  title={Arrovian Social Choice Theory on Economic Domains},
  year=2002,
  month=Apr,
  institution={Department of Economics, Vanderbilt University},
  type={Working Papers},
  url={http://ideas.repec.org/p/van/wpaper/0206.html},
  number={0206},
  abstract={},
  keywords={}
}
@Article{Wilson72,
  author={Wilson, Robert},
  title={Social choice theory without the Pareto Principle},
  journal={Journal of Economic Theory},
  year=1972,
  volume={5},
  number={3},
  pages={478-486},
  month={December},
  keywords={},
  abstract={},
  url={http://ideas.repec.org/a/eee/jetheo/v5y1972i3p478-486.html}
}
@article{Arrow50,
  author={K. Arrow},
  title={A Difficulty in the Concept of Social Welfare},
  journal={J. of Political Economy},
  year={1950},
  volume={58},
  pages={328--346},
}

@unpublished{MosselTamuz09:arxiv,
  TITLE = {Iterative Maximum Likelihood on Networks},
  author={E. Mossel and O. Tamuz},
  year=2009,
  Note={Preprint at http://arxiv.org/abs/0904.4903}
}

@article{BikhHirshWelch:08,
  author    = {Sushil Bikhchandani, David Hirshleifer and Ivo Welch},
  title     = {Learning from the Behavior of Others: Conformity, Fads, and Informational Cascades},
  journal   = {The Journal of Economic Perspectives},
  volume    = {12},
  number    = {3},
  year      = {2008},
  pages     = {151-170},
  ee        = {http://www.jstor.org/stable/2647037}
}

@article{Banerjee:08,
  author    = {Abhijit V. Banerjee},
  title     = {A Simple Model of Herd Behavior},
  journal   = {The Quarterly Journal of Economics},
  volume    = {107},
  number    = {3},
  year      = {1992},
  pages     = {797-817},
  ee        = {http://www.jstor.org/stable/2118364}
}

@article{SmithSorensen:00,
  author    = {Smith, L. and Sorensen, P.},
  title     = {Pathological Outcomes of Observational Learning},
  journal   = {Econometrica},
  volume    = {68},
  number    = {2},
  year      = {2000},
  pages     = {371-398}
}

@book{BoydVandenberghe:04,
  author={Stephen Boyd and Lieven Vandenberghe},
  title={Convex Optimization},
  publisher={Cambridge University Press},
  year={2004}
}

@book{NumericalRecipes:92,
  author={W. Press and S. Teukolsky and W. Vetterling and B. Flannery},
  title={Numerical recipes in C},
  publisher={Cambridge University Press},
  year={1992}
}

@InCollection{Jackson:06,
  author     = 	 {M.O. Jackson},
  title      = 	 {The Economics of Social Networks},
  booktitle  = 	 {Volume I of Advances in Economics and Econometrics, Theory and Applications: Ninth World Congress of the Econometric Society},
  pages      =	 {1--56},
  publisher  =	 {Cambridge University Press},
  year       =	 2006,
  editor     =	 {Richard Blundell and Whitney Newey and Torsten Persson}
}

@book{Arrow63,
  author={K. Arrow},
  title={Social choice and individual values},
  publisher={John Wiley and Sons},
  year={1963},
}

@article{Kalai02,
  author={G. Kalai},
  title={{A Fourier-theoretic perspective on the Concordet paradox and Arrow's theorem}},
  journal={{Adv.\ in Appl.\ Math.}},
  year=2002,
  volume=29,
  number=3,
  pages={412--426}
}

@unpublished{Mossel09,
  author="E. Mossel",
  title="A Quantitative Arrow Theorem",
  YEAR={2009},
  ID_AR={0903.2574},
  SUBJECTS={bool games},
  note={Available at the Arxiv 0903.2574},
}
